[gd_scene load_steps=34 format=2]

[ext_resource path="res://assets/Enemies/RavenMaster/ravenMasterSpriteSheet.png" type="Texture" id=1]
[ext_resource path="res://src/Enemies/RavenMaster/RavenMaster.gd" type="Script" id=2]
[ext_resource path="res://assets/SoundsEffects/EnemyDeath.wav" type="AudioStream" id=3]
[ext_resource path="res://assets/SoundsEffects/EnemyGetHit.wav" type="AudioStream" id=4]

[sub_resource type="AtlasTexture" id=1]
atlas = ExtResource( 1 )
region = Rect2( 0, 80, 32, 40 )

[sub_resource type="AtlasTexture" id=2]
atlas = ExtResource( 1 )
region = Rect2( 32, 80, 32, 40 )

[sub_resource type="AtlasTexture" id=3]
atlas = ExtResource( 1 )
region = Rect2( 64, 80, 32, 40 )

[sub_resource type="AtlasTexture" id=4]
atlas = ExtResource( 1 )
region = Rect2( 96, 80, 32, 40 )

[sub_resource type="AtlasTexture" id=5]
atlas = ExtResource( 1 )
region = Rect2( 128, 80, 32, 40 )

[sub_resource type="AtlasTexture" id=6]
atlas = ExtResource( 1 )
region = Rect2( 160, 80, 32, 40 )

[sub_resource type="AtlasTexture" id=7]
atlas = ExtResource( 1 )
region = Rect2( 192, 80, 32, 40 )

[sub_resource type="AtlasTexture" id=8]
atlas = ExtResource( 1 )
region = Rect2( 224, 80, 32, 40 )

[sub_resource type="AtlasTexture" id=9]
atlas = ExtResource( 1 )
region = Rect2( 0, 120, 32, 40 )

[sub_resource type="AtlasTexture" id=10]
atlas = ExtResource( 1 )
region = Rect2( 32, 120, 32, 40 )

[sub_resource type="AtlasTexture" id=11]
atlas = ExtResource( 1 )
region = Rect2( 0, 0, 32, 40 )

[sub_resource type="AtlasTexture" id=12]
atlas = ExtResource( 1 )
region = Rect2( 32, 0, 32, 40 )

[sub_resource type="AtlasTexture" id=13]
atlas = ExtResource( 1 )
region = Rect2( 64, 0, 32, 40 )

[sub_resource type="AtlasTexture" id=14]
atlas = ExtResource( 1 )
region = Rect2( 96, 0, 32, 40 )

[sub_resource type="AtlasTexture" id=15]
atlas = ExtResource( 1 )
region = Rect2( 128, 0, 32, 40 )

[sub_resource type="AtlasTexture" id=16]
atlas = ExtResource( 1 )
region = Rect2( 160, 0, 32, 40 )

[sub_resource type="AtlasTexture" id=17]
atlas = ExtResource( 1 )
region = Rect2( 192, 0, 32, 40 )

[sub_resource type="AtlasTexture" id=18]
atlas = ExtResource( 1 )
region = Rect2( 224, 0, 32, 40 )

[sub_resource type="AtlasTexture" id=19]
atlas = ExtResource( 1 )
region = Rect2( 32, 120, 32, 40 )

[sub_resource type="AtlasTexture" id=20]
atlas = ExtResource( 1 )
region = Rect2( 64, 120, 32, 40 )

[sub_resource type="AtlasTexture" id=21]
atlas = ExtResource( 1 )
region = Rect2( 96, 120, 32, 40 )

[sub_resource type="AtlasTexture" id=22]
atlas = ExtResource( 1 )
region = Rect2( 128, 120, 32, 40 )

[sub_resource type="AtlasTexture" id=23]
atlas = ExtResource( 1 )
region = Rect2( 160, 120, 32, 40 )

[sub_resource type="AtlasTexture" id=24]
atlas = ExtResource( 1 )
region = Rect2( 192, 120, 32, 40 )

[sub_resource type="AtlasTexture" id=25]
atlas = ExtResource( 1 )
region = Rect2( 224, 120, 32, 40 )

[sub_resource type="AtlasTexture" id=26]
atlas = ExtResource( 1 )
region = Rect2( 0, 160, 32, 40 )

[sub_resource type="SpriteFrames" id=27]
animations = [ {
"frames": [ SubResource( 1 ), SubResource( 2 ), SubResource( 3 ), SubResource( 4 ), SubResource( 5 ), SubResource( 6 ), SubResource( 7 ), SubResource( 8 ), SubResource( 9 ), SubResource( 10 ) ],
"loop": true,
"name": "SpawnRaven",
"speed": 10.0
}, {
"frames": [ SubResource( 11 ), SubResource( 12 ), SubResource( 13 ), SubResource( 14 ), SubResource( 15 ), SubResource( 16 ), SubResource( 17 ), SubResource( 18 ) ],
"loop": true,
"name": "Iddle",
"speed": 5.0
}, {
"frames": [ SubResource( 19 ), SubResource( 20 ), SubResource( 21 ), SubResource( 22 ), SubResource( 23 ), SubResource( 24 ), SubResource( 25 ), SubResource( 26 ) ],
"loop": true,
"name": "Death",
"speed": 5.0
} ]

[sub_resource type="RectangleShape2D" id=28]
extents = Vector2( 10, 16 )

[sub_resource type="RectangleShape2D" id=29]
extents = Vector2( 10, 16 )

[node name="RavenMaster" type="KinematicBody2D"]
z_index = 10
collision_layer = 2
collision_mask = 9
script = ExtResource( 2 )
HP = 20

[node name="RavenMasterSprite" type="AnimatedSprite" parent="."]
position = Vector2( 0, -3.74577 )
frames = SubResource( 27 )
animation = "Iddle"
frame = 4
playing = true

[node name="DamageArea" type="Area2D" parent="."]
collision_layer = 0

[node name="DamageShape" type="CollisionShape2D" parent="DamageArea"]
shape = SubResource( 28 )

[node name="CollisionShape" type="CollisionShape2D" parent="."]
position = Vector2( -0.0743256, 0 )
shape = SubResource( 29 )

[node name="GetHitSound" type="AudioStreamPlayer" parent="."]
stream = ExtResource( 4 )

[node name="DeathSound" type="AudioStreamPlayer" parent="."]
stream = ExtResource( 3 )
[connection signal="area_entered" from="DamageArea" to="." method="_on_DamageArea_area_entered"]
