[gd_scene load_steps=38 format=2]

[ext_resource path="res://src/Enemies/Spearman/Spearman.gd" type="Script" id=1]
[ext_resource path="res://assets/Enemies/SpearMan/SpritesheetSpearMan.png" type="Texture" id=2]
[ext_resource path="res://assets/Enemies/SpearMan/SpearManAirAttack.png" type="Texture" id=3]
[ext_resource path="res://assets/Enemies/SpearMan/SpearManStates.png" type="Texture" id=4]
[ext_resource path="res://assets/SoundsEffects/SpearmanSound.wav" type="AudioStream" id=5]
[ext_resource path="res://assets/SoundsEffects/EnemyGetHit.wav" type="AudioStream" id=6]
[ext_resource path="res://assets/SoundsEffects/EnemyDeath.wav" type="AudioStream" id=7]

[sub_resource type="AtlasTexture" id=1]
atlas = ExtResource( 4 )
region = Rect2( 0, 0, 40, 40 )

[sub_resource type="AtlasTexture" id=2]
atlas = ExtResource( 3 )
region = Rect2( 0, 70, 40, 70 )

[sub_resource type="AtlasTexture" id=3]
atlas = ExtResource( 3 )
region = Rect2( 40, 70, 40, 70 )

[sub_resource type="AtlasTexture" id=4]
atlas = ExtResource( 3 )
region = Rect2( 80, 70, 40, 70 )

[sub_resource type="AtlasTexture" id=5]
atlas = ExtResource( 3 )
region = Rect2( 120, 70, 40, 70 )

[sub_resource type="AtlasTexture" id=6]
atlas = ExtResource( 3 )
region = Rect2( 160, 70, 40, 70 )

[sub_resource type="AtlasTexture" id=7]
atlas = ExtResource( 3 )
region = Rect2( 200, 70, 40, 70 )

[sub_resource type="AtlasTexture" id=8]
atlas = ExtResource( 2 )
region = Rect2( 0, 40, 40, 40 )

[sub_resource type="AtlasTexture" id=9]
atlas = ExtResource( 2 )
region = Rect2( 40, 40, 40, 40 )

[sub_resource type="AtlasTexture" id=10]
atlas = ExtResource( 2 )
region = Rect2( 80, 40, 40, 40 )

[sub_resource type="AtlasTexture" id=11]
atlas = ExtResource( 2 )
region = Rect2( 120, 40, 40, 40 )

[sub_resource type="AtlasTexture" id=12]
atlas = ExtResource( 2 )
region = Rect2( 160, 40, 40, 40 )

[sub_resource type="AtlasTexture" id=13]
atlas = ExtResource( 2 )
region = Rect2( 200, 40, 40, 40 )

[sub_resource type="AtlasTexture" id=14]
atlas = ExtResource( 2 )
region = Rect2( 240, 40, 40, 40 )

[sub_resource type="AtlasTexture" id=15]
atlas = ExtResource( 2 )
region = Rect2( 280, 40, 40, 40 )

[sub_resource type="AtlasTexture" id=16]
atlas = ExtResource( 2 )
region = Rect2( 0, 120, 40, 40 )

[sub_resource type="AtlasTexture" id=17]
atlas = ExtResource( 2 )
region = Rect2( 40, 120, 40, 40 )

[sub_resource type="AtlasTexture" id=18]
atlas = ExtResource( 2 )
region = Rect2( 80, 120, 40, 40 )

[sub_resource type="AtlasTexture" id=19]
atlas = ExtResource( 2 )
region = Rect2( 120, 120, 40, 40 )

[sub_resource type="AtlasTexture" id=20]
atlas = ExtResource( 2 )
region = Rect2( 160, 120, 40, 40 )

[sub_resource type="AtlasTexture" id=21]
atlas = ExtResource( 2 )
region = Rect2( 200, 120, 40, 40 )

[sub_resource type="AtlasTexture" id=22]
atlas = ExtResource( 2 )
region = Rect2( 240, 120, 40, 40 )

[sub_resource type="AtlasTexture" id=23]
atlas = ExtResource( 2 )
region = Rect2( 280, 120, 40, 40 )

[sub_resource type="SpriteFrames" id=24]
animations = [ {
"frames": [ SubResource( 1 ) ],
"loop": true,
"name": "DMG",
"speed": 0.0
}, {
"frames": [ SubResource( 2 ), SubResource( 3 ), SubResource( 4 ), SubResource( 5 ), SubResource( 6 ), SubResource( 7 ) ],
"loop": true,
"name": "AirAttack",
"speed": 10.0
}, {
"frames": [ SubResource( 8 ), SubResource( 9 ), SubResource( 10 ), SubResource( 11 ), SubResource( 12 ), SubResource( 13 ), SubResource( 14 ), SubResource( 15 ) ],
"loop": true,
"name": "Walk",
"speed": 10.0
}, {
"frames": [ SubResource( 16 ), SubResource( 17 ), SubResource( 18 ), SubResource( 19 ), SubResource( 20 ), SubResource( 21 ), SubResource( 22 ), SubResource( 23 ) ],
"loop": true,
"name": "Charge",
"speed": 15.0
} ]

[sub_resource type="CapsuleShape2D" id=25]
radius = 7.0
height = 12.0

[sub_resource type="RectangleShape2D" id=26]
extents = Vector2( 7.08701, 2.91466 )

[sub_resource type="RectangleShape2D" id=27]
extents = Vector2( 104, 8 )

[sub_resource type="CircleShape2D" id=28]
radius = 7.90116

[sub_resource type="RectangleShape2D" id=29]
extents = Vector2( 14.4054, 1.89683 )

[sub_resource type="RectangleShape2D" id=30]
extents = Vector2( 5, 28 )

[node name="Spearman" type="KinematicBody2D"]
collision_layer = 2
collision_mask = 25
script = ExtResource( 1 )

[node name="AnimatedSprite" type="AnimatedSprite" parent="."]
position = Vector2( 4.83516, -1.26134 )
frames = SubResource( 24 )
animation = "Walk"
frame = 6
playing = true

[node name="CollisionShape2D2" type="CollisionShape2D" parent="."]
position = Vector2( 0, 2 )
shape = SubResource( 25 )

[node name="GroundChecker" type="Area2D" parent="."]

[node name="GroundChecker" type="CollisionShape2D" parent="GroundChecker"]
position = Vector2( 10.913, 14.9147 )
shape = SubResource( 26 )

[node name="Vision" type="Area2D" parent="."]

[node name="CollisionShape2D" type="CollisionShape2D" parent="Vision"]
position = Vector2( 104, 0 )
shape = SubResource( 27 )

[node name="AreaChecker" type="Area2D" parent="."]

[node name="CollisionShape2D" type="CollisionShape2D" parent="AreaChecker"]
shape = SubResource( 28 )

[node name="VisibilityNotifier2D" type="VisibilityNotifier2D" parent="."]
position = Vector2( 0, 1.86265e-09 )
scale = Vector2( 0.85, 0.797659 )

[node name="SpearHorizontal" type="Area2D" parent="."]

[node name="CollisionShape2D" type="CollisionShape2D" parent="SpearHorizontal"]
position = Vector2( 9.63774, 4.33103 )
shape = SubResource( 29 )

[node name="SpearVertically" type="Area2D" parent="."]

[node name="CollisionShape2D" type="CollisionShape2D" parent="SpearVertically"]
position = Vector2( 13, -20 )
shape = SubResource( 30 )

[node name="GetHitSound" type="AudioStreamPlayer" parent="."]
stream = ExtResource( 6 )

[node name="ScreamSound" type="AudioStreamPlayer" parent="."]
stream = ExtResource( 5 )

[node name="DeathSound" type="AudioStreamPlayer" parent="."]
stream = ExtResource( 7 )
[connection signal="area_entered" from="GroundChecker" to="." method="_on_GroundChecker_area_entered"]
[connection signal="body_exited" from="GroundChecker" to="." method="_on_GroundChecker_body_exited"]
[connection signal="body_entered" from="Vision" to="." method="_on_Vision_body_entered"]
[connection signal="body_exited" from="Vision" to="." method="_on_Vision_body_exited"]
[connection signal="area_entered" from="AreaChecker" to="." method="_on_AreaChecker_area_entered"]
[connection signal="body_entered" from="SpearHorizontal" to="." method="_on_SpearHorizontal_body_entered"]
[connection signal="body_entered" from="SpearVertically" to="." method="_on_SpearVertically_body_entered"]
