[gd_scene load_steps=6 format=2]

[ext_resource path="res://assets/Location/lvl1/background/bck0.png" type="Texture" id=1]
[ext_resource path="res://assets/Fonts/MenuFont.tres" type="DynamicFont" id=2]
[ext_resource path="res://assets/Fonts/TitleFont.tres" type="DynamicFont" id=3]
[ext_resource path="res://src/Interface/MainMenu/MainMenu.gd" type="Script" id=4]
[ext_resource path="res://assets/SoundsEffects/ManuMusic.wav" type="AudioStream" id=5]

[node name="MainMenu" type="Control"]
anchor_right = 1.0
anchor_bottom = 1.0
script = ExtResource( 4 )
__meta__ = {
"_edit_use_anchors_": false
}

[node name="CenterContainer" type="CenterContainer" parent="."]
anchor_right = 1.0
anchor_bottom = 1.0
__meta__ = {
"_edit_use_anchors_": false
}

[node name="VBoxContainer" type="VBoxContainer" parent="CenterContainer"]
margin_left = 168.0
margin_top = 89.0
margin_right = 312.0
margin_bottom = 181.0

[node name="CenterContainer" type="CenterContainer" parent="CenterContainer/VBoxContainer"]
margin_right = 144.0
margin_bottom = 32.0

[node name="Title" type="Label" parent="CenterContainer/VBoxContainer/CenterContainer"]
margin_right = 144.0
margin_bottom = 32.0
custom_fonts/font = ExtResource( 3 )
text = "BlurJump"

[node name="CenterContainer2" type="CenterContainer" parent="CenterContainer/VBoxContainer"]
margin_top = 36.0
margin_right = 144.0
margin_bottom = 92.0

[node name="VBoxContainer" type="VBoxContainer" parent="CenterContainer/VBoxContainer/CenterContainer2"]
margin_left = 29.0
margin_right = 114.0
margin_bottom = 56.0

[node name="CenterContainer" type="CenterContainer" parent="CenterContainer/VBoxContainer/CenterContainer2/VBoxContainer"]
margin_right = 85.0
margin_bottom = 16.0

[node name="HBoxContainer" type="HBoxContainer" parent="CenterContainer/VBoxContainer/CenterContainer2/VBoxContainer/CenterContainer"]
margin_right = 85.0
margin_bottom = 16.0

[node name="Selector" type="Label" parent="CenterContainer/VBoxContainer/CenterContainer2/VBoxContainer/CenterContainer/HBoxContainer"]
margin_right = 9.0
margin_bottom = 16.0
rect_min_size = Vector2( 9, 16 )
custom_fonts/font = ExtResource( 2 )
text = ">"

[node name="OptionName" type="Label" parent="CenterContainer/VBoxContainer/CenterContainer2/VBoxContainer/CenterContainer/HBoxContainer"]
margin_left = 13.0
margin_right = 85.0
margin_bottom = 16.0
rect_min_size = Vector2( 72, 0 )
custom_fonts/font = ExtResource( 2 )
text = "Start"

[node name="CenterContainer2" type="CenterContainer" parent="CenterContainer/VBoxContainer/CenterContainer2/VBoxContainer"]
margin_top = 20.0
margin_right = 85.0
margin_bottom = 36.0

[node name="HBoxContainer" type="HBoxContainer" parent="CenterContainer/VBoxContainer/CenterContainer2/VBoxContainer/CenterContainer2"]
margin_right = 85.0
margin_bottom = 16.0

[node name="Selector" type="Label" parent="CenterContainer/VBoxContainer/CenterContainer2/VBoxContainer/CenterContainer2/HBoxContainer"]
margin_right = 9.0
margin_bottom = 16.0
rect_min_size = Vector2( 9, 16 )
custom_fonts/font = ExtResource( 2 )
text = ">"

[node name="OptionName" type="Label" parent="CenterContainer/VBoxContainer/CenterContainer2/VBoxContainer/CenterContainer2/HBoxContainer"]
margin_left = 13.0
margin_right = 85.0
margin_bottom = 16.0
custom_fonts/font = ExtResource( 2 )
text = "Tutorial"

[node name="CenterContainer3" type="CenterContainer" parent="CenterContainer/VBoxContainer/CenterContainer2/VBoxContainer"]
margin_top = 40.0
margin_right = 85.0
margin_bottom = 56.0

[node name="HBoxContainer" type="HBoxContainer" parent="CenterContainer/VBoxContainer/CenterContainer2/VBoxContainer/CenterContainer3"]
margin_right = 85.0
margin_bottom = 16.0

[node name="Selector" type="Label" parent="CenterContainer/VBoxContainer/CenterContainer2/VBoxContainer/CenterContainer3/HBoxContainer"]
margin_right = 9.0
margin_bottom = 16.0
rect_min_size = Vector2( 9, 16 )
custom_fonts/font = ExtResource( 2 )
text = ">"

[node name="OptionName" type="Label" parent="CenterContainer/VBoxContainer/CenterContainer2/VBoxContainer/CenterContainer3/HBoxContainer"]
margin_left = 13.0
margin_right = 85.0
margin_bottom = 16.0
rect_min_size = Vector2( 72, 0 )
custom_fonts/font = ExtResource( 2 )
text = "Exit"

[node name="bck0" type="Sprite" parent="."]
position = Vector2( 243.336, 136.501 )
scale = Vector2( 2.02894, 2.24691 )
z_index = -1
texture = ExtResource( 1 )

[node name="MenuTitleScreenMusic" type="AudioStreamPlayer" parent="."]
stream = ExtResource( 5 )
volume_db = -20.0
autoplay = true
